@misc{
	ProbabilisticC,
	title = "A Compilation Target for Probabilistic Programming Languages",
	author = "Paige, Brooks and Wood, Frank",
	year = "2014",
	//howpublished = {\url{http://jmlr.org/proceedings/papers/v32/paige14.pdf}}
}

@misc{
	BLOG,
	title = "Bayesian Logic",
	howpublished = {\url{http://bayesianlogic.github.io/}}
}

@misc{
	PyMC,
	title = "PyMC: Bayesian Stochastic Modelling in Python",
	author = "Patil, Anand and Huard, David and Fonnesbeck, Christopher J.",
	year = "2010",
	//howpublished = {\url{http://www.map.ox.ac.uk/media/PDF/Patil_et_al_2010.pdf}}
}

@misc{
	Anglican,
	title = "A New Approach to Probabilistic Programming Inference",
	author = "Wood, F. and van de Meent, J. W. and Mansinghka, V",
	year = "2014",
	//howpublished = {\url{http://www.robots.ox.ac.uk/~fwood/anglican/assets/pdf/Wood-AISTATS-2014.pdf}}
}

@misc{
	Venture,
	title = "Venture: a higher-order probabilistic programming platform with programmable inference",
	author = "Mansinghka, Vikash and Selsam, Daniel and Perov, Yura",
	//howpublished = {\url{http://arxiv.org/pdf/1404.0099v1.pdf}}
}

@misc{
	Church,
	title = "Church: a language for generative models",
	author = "Goodman, Noah D. and Mansinghka, Vikash K. and others",
	year = "2008",
	//howpublished = {\url{http://danroy.org/papers/church_GooManRoyBonTen-UAI-2008.pdf}}
}

@misc{
	PSQL,
	title = "{PSQL}: A query language for probabilistic relational data",
	author = "Dey, Debabrata and Sarkar, Sumit",
	year = "1997",
	\\howpublished = {\url{http://ac.els-cdn.com/S0169023X98000159/1-s2.0-S0169023X98000159-main.pdf?_tid=40aedf80-f7c3-11e4-8373-00000aacb35e&acdnat=1431338050_ccaec3c1840cc7f10b9753f8b0bfdd35}}
}

@misc{
	Infer.NET,
	title = "Infer.{NET}",
	howpublished = {\url{http://research.microsoft.com/en-us/um/cambridge/projects/infernet/}}
}

@misc{
	dimple,
	title = "dimple",
	howpublished = {\url{http://dimple.probprog.org/}}
}
